@article{babu2001continuous,
  title={Continuous queries over data streams},
  author={Babu, Shivnath and Widom, Jennifer},
  journal={ACM Sigmod Record},
  volume={30},
  number={3},
  pages={109--120},
  year={2001},
  publisher={ACM}
}

@article{Babu:2004:EKC:1016028.1016032,
 author = {Babu, Shivnath and Srivastava, Utkarsh and Widom, Jennifer},
 title = {Exploiting K-constraints to Reduce Memory Overhead in Continuous Queries over Data Streams},
 journal = {ACM Trans. Database Syst.},
 issue_date = {September 2004},
 volume = {29},
 number = {3},
 month = sep,
 year = {2004},
 issn = {0362-5915},
 pages = {545--580},
 numpages = {36},
 url = {http://doi.acm.org/10.1145/1016028.1016032},
 doi = {10.1145/1016028.1016032},
 acmid = {1016032},
 publisher = {ACM},
 address = {New York, NY, USA},
 keywords = {Continuous queries, constraints, data streams},
}

@misc{ESP,
  key={SAP Sybase ESP},
  title={{SAP Sybase ESP}},
  howpublished={\url{http://www.sap.com/pc/tech/database/software/sybase-complex-event-processing/index.html}},
  timestamp={2015.2.20}
}

@inproceedings{Cormode:2008:TAO:1376916.1376930,
 author = {Cormode, Graham and Korn, Flip and Tirthapura, Srikanta},
 title = {Time-decaying Aggregates in Out-of-order Streams},
 booktitle = {Proceedings of the Twenty-seventh ACM SIGMOD-SIGACT-SIGART Symposium on Principles of Database Systems},
 series = {PODS '08},
 year = {2008},
 isbn = {978-1-60558-152-1},
 location = {Vancouver, Canada},
 pages = {89--98},
 numpages = {10},
 url = {http://doi.acm.org/10.1145/1376916.1376930},
 doi = {10.1145/1376916.1376930},
 acmid = {1376930},
 publisher = {ACM},
 address = {New York, NY, USA},
 keywords = {asynchronous data streams, out-of-order arrivals},
}

@article{10.1109/IPDPS.2013.29,
author = {Christopher Mutschler and Michael Philippsen},
title = {Distributed Low-Latency Out-of-Order Event Processing for High Data Rate Sensor Streams},
journal ={Parallel and Distributed Processing Symposium, International},
volume = {0},
issn = {1530-2075},
year = {2013},
pages = {1133-1144},
doi = {http://doi.ieeecomputersociety.org/10.1109/IPDPS.2013.29},
publisher = {IEEE Computer Society},
address = {Los Alamitos, CA, USA},
}

@unpublished{Lisa,
 author = {Hongjin Zhou},
 title = {Quality-Driven Out-of-Order Handling for Window Aggregates over Data Streams},
 note = {Master Thesis},
 month = jul,
 year = {2014}
}

@inproceedings{Mutschler:2013:RSP:2488222.2488263,
 author = {Mutschler, Christopher and Philippsen, Michael},
 title = {Reliable Speculative Processing of Out-of-order Event Streams in Generic Publish/Subscribe Middlewares},
 booktitle = {Proceedings of the 7th ACM International Conference on Distributed Event-based Systems},
 series = {DEBS '13},
 year = {2013},
 isbn = {978-1-4503-1758-0},
 location = {Arlington, Texas, USA},
 pages = {147--158},
 numpages = {12},
 url = {http://doi.acm.org/10.1145/2488222.2488263},
 doi = {10.1145/2488222.2488263},
 acmid = {2488263},
 publisher = {ACM},
 address = {New York, NY, USA},
 keywords = {distributed event processing, message-oriented middleware, out-of-order event processing, publish/subscribe},
}

@inproceedings{Hammad05optimizingin-order,
    author = {Moustafa A. Hammad},
    title = {Optimizing in-order execution of continuous queries over streamed sensor data},
    booktitle = {In Proc. Int. Conf. on Scientific and Statistical Database Management (SSDBM},
    year = {2005},
    pages = {143--146}
}

@inproceedings{Srivastava:2004:FTM:1055558.1055596,
 author = {Srivastava, Utkarsh and Widom, Jennifer},
 title = {Flexible Time Management in Data Stream Systems},
 booktitle = {Proceedings of the Twenty-third ACM SIGMOD-SIGACT-SIGART Symposium on Principles of Database Systems},
 series = {PODS '04},
 year = {2004},
 isbn = {158113858X},
 location = {Paris, France},
 pages = {263--274},
 numpages = {12},
 url = {http://doi.acm.org/10.1145/1055558.1055596},
 doi = {10.1145/1055558.1055596},
 acmid = {1055596},
 publisher = {ACM},
 address = {New York, NY, USA},
}

@inproceedings{Aguilera:2000:EAB:343477.343620,
 author = {Aguilera, Marcos Kawazoe and Strom, Robert E.},
 title = {Efficient Atomic Broadcast Using Deterministic Merge},
 booktitle = {Proceedings of the Nineteenth Annual ACM Symposium on Principles of Distributed Computing},
 series = {PODC '00},
 year = {2000},
 isbn = {1-58113-183-6},
 location = {Portland, Oregon, USA},
 pages = {209--218},
 numpages = {10},
 url = {http://doi.acm.org/10.1145/343477.343620},
 doi = {10.1145/343477.343620},
 acmid = {343620},
 publisher = {ACM},
 address = {New York, NY, USA},
}

@article{astrom1995pid,
  title={PID controllers: theory, design and tuning},
  author={Astr{\"o}m, Karl Johan and H{\"a}gglund, Tore},
  year={1995},
  publisher={International Society for measurement and Control Seattle, WA}
}

@inproceedings{li2007event,
  title={Event stream processing with out-of-order data arrival},
  author={Li, Ming and Liu, Mo and Ding, Luping and Rundensteiner, Elke A and Mani, Murali},
  booktitle={Distributed Computing Systems Workshops, 2007. ICDCSW'07. 27th International Conference on},
  pages={67--67},
  year={2007},
  organization={IEEE}
}

@inproceedings{brito2008speculative,
  title={Speculative out-of-order event processing with software transaction memory},
  author={Brito, Andrey and Fetzer, Christof and Sturzrehm, Heiko and Felber, Pascal},
  booktitle={Proceedings of the second international conference on Distributed event-based systems},
  pages={265--275},
  year={2008},
  organization={ACM}
}

@article{barga2006consistent,
  title={Consistent streaming through time: A vision for event stream processing},
  author={Barga, Roger S and Goldstein, Jonathan and Ali, Mohamed and Hong, Mingsheng},
  journal={arXiv preprint cs/0612115},
  year={2006}
}

@inproceedings{abadi2005design,
  title={The Design of the Borealis Stream Processing Engine.},
  author={Abadi, Daniel J and Ahmad, Yanif and Balazinska, Magdalena and Cetintemel, Ugur and Cherniack, Mitch and Hwang, Jeong-Hyon and Lindner, Wolfgang and Maskey, Anurag and Rasin, Alex and Ryvkina, Esther and others},
  booktitle={CIDR},
  volume={5},
  pages={277--289},
  year={2005}
}

@incollection{patroumpas2006window,
  title={Window specification over data streams},
  author={Patroumpas, Kostas and Sellis, Timos},
  booktitle={Current Trends in Database Technology--EDBT 2006},
  pages={445--464},
  year={2006},
  publisher={Springer}
}

@inproceedings{wu2007window,
  title={Window-oblivious join: a data-driven memory management scheme for stream join},
  author={Wu, Ji and Tan, K-L and Zhou, Yongluan},
  booktitle={Scientific and Statistical Database Management, 2007. SSBDM'07. 19th International Conference on},
  pages={21--21},
  year={2007},
  organization={IEEE}
}

@inproceedings{ayad2004static,
  title={Static optimization of conjunctive queries with sliding windows over infinite streams},
  author={Ayad, Ahmed M and Naughton, Jeffrey F},
  booktitle={Proceedings of the 2004 ACM SIGMOD international conference on Management of data},
  pages={419--430},
  year={2004},
  organization={ACM}
}

@phdthesis{tucker2005punctuated,
  title={Punctuated data streams},
  author={Tucker, Peter A},
  year={2005},
  school={Oregon Health \& Science University}
}

@inproceedings{li2005semantics,
  title={Semantics and evaluation techniques for window aggregates in data streams},
  author={Li, Jin and Maier, David and Tufte, Kristin and Papadimos, Vassilis and Tucker, Peter A},
  booktitle={Proceedings of the 2005 ACM SIGMOD international conference on Management of data},
  pages={311--322},
  year={2005},
  organization={ACM}
}

@inproceedings{mutschler2013deb,
  title={The DEBS 2013 grand challenge},
  author={Mutschler, Christopher and Ziekow, Holger and Jerzak, Zbigniew},
  booktitle={Proceedings of the 7th ACM international conference on Distributed event-based systems},
  pages={289--294},
  year={2013},
  organization={ACM}
}

@article{abadi2003aurora,
  title={Aurora: a new model and architecture for data stream management},
  author={Abadi, Daniel J and Carney, Don and {\c{C}}etintemel, Ugur and Cherniack, Mitch and Convey, Christian and Lee, Sangdon and Stonebraker, Michael and Tatbul, Nesime and Zdonik, Stan},
  journal={The VLDB Journalâ€”The International Journal on Very Large Data Bases},
  volume={12},
  number={2},
  pages={120--139},
  year={2003},
  publisher={Springer-Verlag New York, Inc.}
}

@inproceedings{krishnamurthy2010continuous,
  title={Continuous analytics over discontinuous streams},
  author={Krishnamurthy, Sailesh and Franklin, Michael J and Davis, Jeffrey and Farina, Daniel and Golovko, Pasha and Li, Alan and Thombre, Neil},
  booktitle={Proceedings of the 2010 ACM SIGMOD International Conference on Management of data},
  pages={1081--1092},
  year={2010},
  organization={ACM}
}

@Misc{zbMATH03323586,
    Author = {P. {R\'ev\'esz}},
    Title = {{The laws of large numbers.}},
    Year = {1968},
    Language = {English},
    HowPublished = {{Probability and Mathematical Statistics. A Series of Monographs and Textbooks. 4. New York-London: Academic Press. 176 p. (1968).}},
    Zbl = {0203.50403}
}

@article{ziegler1942optimum,
  title={Optimum settings for automatic controllers},
  author={Ziegler, John G and Nichols, Nathaniel B},
  journal={trans. ASME},
  volume={64},
  number={11},
  year={1942}
}